<?xml version="1.0" encoding="UTF-8"?><record xmlns="http://www.loc.gov/MARC21/slim" xmlns:cinclude="http://apache.org/cocoon/include/1.0" xmlns:zs="http://www.loc.gov/zing/srw/">
  <leader>00705cz  a2200169n  4500</leader>
  <controlfield tag="001">no 97065045 </controlfield>
  <controlfield tag="003">DLC</controlfield>
  <controlfield tag="005">20130312095749.0</controlfield>
  <controlfield tag="008">971105n| acannaab           |a aaa     c</controlfield>
  <datafield tag="010" ind1=" " ind2=" ">
    <subfield code="a">no 97065045 </subfield>
  </datafield>
  <datafield tag="035" ind1=" " ind2=" ">
    <subfield code="a">(OCoLC)oca04511978</subfield>
  </datafield>
  <datafield tag="040" ind1=" " ind2=" ">
    <subfield code="a">NmU</subfield>
    <subfield code="b">eng</subfield>
    <subfield code="c">NmU</subfield>
    <subfield code="d">DLC</subfield>
  </datafield>
  <datafield tag="046" ind1=" " ind2=" ">
    <subfield code="f">1831</subfield>
  </datafield>
  <datafield tag="100" ind1="1" ind2=" ">
    <subfield code="a">Ramsden, John William,</subfield>
    <subfield code="c">Sir,</subfield>
    <subfield code="d">1831-</subfield>
  </datafield>
  <datafield tag="400" ind1="1" ind2=" ">
    <subfield code="w">nnea</subfield>
    <subfield code="a">Ramsden, John William,</subfield>
    <subfield code="c">Sir,</subfield>
    <subfield code="d">b. 1831</subfield>
  </datafield>
  <datafield tag="667" ind1=" " ind2=" ">
    <subfield code="a">THIS 1XX FIELD CANNOT BE USED UNDER RDA UNTIL THIS RECORD HAS BEEN REVIEWED AND/OR UPDATED</subfield>
  </datafield>
  <datafield tag="670" ind1=" " ind2=" ">
    <subfield code="a">In the House of Lords, 1865:</subfield>
    <subfield code="b">v. 1, t.p. (Sir John William Ramsden, Bart.) p. 2 (1st group), etc. (tenant for life in possession of the Ramsden Estates in Huddersfield and neighborhood; b. Sept. 1831)</subfield>
  </datafield>
</record>